@inproceedings{mandros2017,
  title={Discovering reliable approximate functional dependencies},
  author={Mandros, Panagiotis and Boley, Mario and Vreeken, Jilles},
  booktitle={Proceedings of the 23rd ACM SIGKDD International Conference on Knowledge Discovery and Data Mining},
  pages={355--363},
  year={2017}
}

@inproceedings{pennerath2020,
  title={Discovering approximate functional dependencies using smoothed mutual information},
  author={Pennerath, Fr{\'e}d{\'e}ric and Mandros, Panagiotis and Vreeken, Jilles},
  booktitle={Proceedings of the 26th ACM SIGKDD International Conference on Knowledge Discovery \& Data Mining},
  pages={1254--1264},
  year={2020}
}

@inproceedings{chimi,
  title={Reconsidering mutual information based feature selection: A statistical significance view},
  author={Vinh, Nguyen and Chan, Jeffrey and Bailey, James},
  booktitle={Proceedings of the AAAI Conference on Artificial Intelligence},
  volume={28},
  number={1},
  year={2014}
}

@inproceedings{mdlmi,
  title={A construction of Bayesian networks from databases based on an MDL principle},
  author={Suzuki, Joe},
  booktitle={Uncertainty in Artificial Intelligence},
  pages={266--273},
  year={1993},
  organization={Elsevier}
}

@inproceedings{tsamardinos2003,
  title={Algorithms for large scale Markov blanket discovery.},
  author={Tsamardinos, Ioannis and Aliferis, Constantin F and Statnikov, Alexander R and Statnikov, Er},
  booktitle={FLAIRS},
  volume={2},
  pages={376--81},
  year={2003}
}

@misc{src,
    title={Source code for the plots},
    author={Tymur Mykhalievskyi},
    year={2025},
    url={https://github.com/GAtemROU/tada2025}
}